@incollection{multi,
  doi = {10.1007/0-387-28356-0_10},
  url = {https://doi.org/10.1007/0-387-28356-0_10},
  publisher = {Springer {US}},
  pages = {273--316},
  author = {Kalyanmoy Deb},
  title = {Multi-Objective Optimization},
  booktitle = {Search Methodologies}
}

@inproceedings{pareto,
  doi = {10.1109/cec.1999.781913},
  url = {https://doi.org/10.1109/cec.1999.781913},
  publisher = {{IEEE}},
  author = {Joshua Knowles and David Corne},
  title = {The Pareto archived evolution strategy: a new baseline algorithm for Pareto multiobjective optimisation},
  booktitle = {Proceedings of the 1999 Congress on Evolutionary Computation-{CEC}99 (Cat. No. 99TH8406)}
}

@article{hyper,
  doi = {10.1016/j.ejor.2006.08.008},
  url = {https://doi.org/10.1016/j.ejor.2006.08.008},
  year = {2007},
  month = sep,
  publisher = {Elsevier {BV}},
  volume = {181},
  number = {3},
  pages = {1653--1669},
  author = {Nicola Beume and Boris Naujoks and Michael Emmerich},
  title = {{SMS}-{EMOA}: Multiobjective selection based on dominated hypervolume},
  journal = {European Journal of Operational Research}
}

@book{nap1,
  doi = {10.1007/978-3-540-24777-7},
  url = {https://doi.org/10.1007/978-3-540-24777-7},
  year = {2004},
  publisher = {Springer Berlin Heidelberg},
  author = {Hans Kellerer and Ulrich Pferschy and David Pisinger},
  title = {Knapsack Problems}
}

@article{hatati,
   author	 = "波田地雄太",
   title	 = "群知能最適化と最適化ソルバーを用いたハイブリッド最適化手法に関する研究",
   journal = "九州工業大学修士論文",
   year 	 = "2021",
}

@misc{ortools,
  title = {{OR-Tools}},
  howpublished = {\url{https://developers.google.com/optimization}}
}
  
@inproceedings{nsga2,
  doi = {10.1109/cec.2012.6256519},
  url = {https://doi.org/10.1109/cec.2012.6256519},
  year = {2012},
  month = jun,
  publisher = {{IEEE}},
  author = {Kalyanmoy Deb and Himanshu Jain},
  title = {Handling many-objective problems using an improved {NSGA}-{II} procedure},
  booktitle = {2012 {IEEE} Congress on Evolutionary Computation}
}

@misc{cbc,
  title = {{CBC}},
  howpublished = {\url{https://www.coin-or.org/Cbc/index.html}}
}
