@booklet{Santiago:Book,
  title = {株の大暴落で勝つ: 全銘柄30年データのバックテストで分かった暴落すればするほど儲かる方法},
  author = {サンチャゴ},
  howpublished = {Kindle},
  year = {2019}
}

@masterthesis{Iwanaga:thesis,
        author = {岩永拓也},
        title = {スイングトレードにおけるアルゴリズム取引の有効性に関する一考察},
        school = {九州工業大学　情報工学部　電子情報工学科},
        year = {2022},
        howpublished = {九州工業大学卒業論文}
}

@misc{Okasan:Kabu,
        author = {岡三証券},
        title = {株式とは},
        howpublished = {\url{https://www.okasan.co.jp/start/beginner/stock/about.html}},
        note = {(参照2023/01/10)}
}

@misc{Okasan:Candle,
        author = {岡三証券オンライン},
        title = {ローソク足},
        howpublished = {\url{https://www.okasan-online.co.jp/jp/stock/beginner/study05-05.html}},
        note = {(参照2023/01/12)}
}

@misc{SMBC:MA,
  author       = {SMBC日興証券},
  title        = {初めてでもわかりやすい用語集「移動平均線」},
  howpublished = {\url{https://www.smbcnikko.co.jp/terms/japan/i/J0049.html}},
  note = {(参照2023/01/12)}
}

@misc{SMBC:LC,
  author       = {SMBC日興証券},
  title        = {初めてでもわかりやすい用語集「損切り」},
  howpublished = {\url{https://www.smbcnikko.co.jp/terms/japan/so/J0295.html}},
  note = {(参照2023/01/24)}
}


@misc{monex:Tech,
  author       = {マネックス証券},
  title        = {はじめてのテクニカル分析「テクニカル手法一覧」},
  howpublished = {\url{https://info.monex.co.jp/technical-analysis/indicators/}},
  note = {(参照2023/01/12)}
}

@misc{TradingView,
  author      ={{TradingView, Inc.}},
  title       ={TradingView},
  howpublished = {\url{https://jp.tradingview.com}},
  note = {(参照2023/02/04)}
}

@misc{tokaitokyo:DD,
  author       = {東海東京証券},
  title        = {証券用語集「ドローダウン（どろーだうん）」},
  howpublished = {\url{https://www.tokaitokyo.co.jp/kantan/term/detail_0060.html}},
  note         = {(参照2023/02/04)},
}